@misc{WikiAX25,
title = {Wikipedia: AX.25},
author = {Wikipedia},
howpublished = "\url{http://en.wikipedia.org/wiki/AX.25}",
}

@misc{ruafsk1200,
title={Bell 202 Interface specification for transmission of binary data by frequency manipulation FSK},
author = {Yashkardin  Vladimir},
howpublished={\url{http://www.softelectro.ru/bell202_en.html}},
}

@misc{ATMega328,
title={8-bit AVR Microcontroller with 4/8/16/32K Bytes In-System Programmable Flash},
author={Atmel Corporation},
howpublished={\url{http://www.atmel.com/dyn/resources/prod_documents/8271S.pdf}},
}

@misc{WhereAVR,
title={WhereAVR},
author={Gary Dion},
howpublished={\url{http://www.garydion.com/projects/whereavr/}},
}

@misc{APRS101,
author={The APRS Working Group},
title={APRS PROTOCOL REFERENCE},
year={2000},
isbn={0-9644707-6-4},
editor={Ian Wade G3NRW},
howpublished={\url{http://www.aprs.org/doc/APRS1010.PDF}},
}

@misc{KISS,
author={Mike Chepponis and Phil Karn},
title={The KISS TNC: A simple Host-to-TNC communications protocol},
year={1987},
howpublished={\url{http://www.ka9q.net/papers/kiss.html}},
}

@misc{ArduinoTNC,
author={Robert Marshall},
title={Arduino TNC},
howpublished={\url{https://sites.google.com/site/ki4mcw/Home/arduino-tnc}},
}

 
@misc{BeRTOS,
author={Develer S.r.l.},
title={BertOS: Not Just a Kernel},
howpublished={\url{http://www.bertos.org/}},
}

@misc{BertOSAPRS,
author={Develer S.r.l.},
title={BertOS: Arduino APRS [AVR]},
howpublished={\url{http://www.bertos.org/use/examples-projects/arduino-aprs}},
}

@misc{TinyTrak,
author={Byonics},
title={TinyTrak4},
howpublished={\url{http://www.byonics.com/tinytrak4/}},
}

@misc{multimon,
author={Thomas Sailer},
title={multimon: Linux Radio Transmission Decoder},
howpublished={\url{http://www.baycom.org/~tom/ham/linux/multimon.html}},
}

@misc{opentracker,
author={Argent Data Systems},
title={OpenTracker1+},
howpublished={\url{http://www.argentdata.com/products/otplus.html}},
}

@misc{cypress2336,
title={AN2336: PSoC 1 - Simplified FSK Detection},
howpublished={\url{http://www.cypress.com/?docID=31991}},
author={Dennis Seguine},
}


@misc{cypress67391,
title={AN67391 - PSoC® 1 - Low Distortion FSK Generator},
howpublished={\url{http://www.cypress.com/?docID=28187}},
author={Dennis Seguine},
}


@book{HammingDigitalFilters,
title={Digital Filters},
author={R W Hamming},
year={1989},
publisher={Dover},
}

@book{OppenhiemSchaferDSP,
title={Digital Signal Processing},
author={Alan V Oppenheim and Ronald W Schafer},
year={1975},
publisher={Prentice Hall},
}