@Misc{ActelAC280,
title = {Actel Application Note AC280: Simple Digital to Analog Converter (DAC)},
howpublished = "\url{http://www.actel.com/documents/DAC_AB.pdf}",
}

@Misc{TISPRAA88A,
title = {TI Application Report SPRAA88A: Using PWM Output as a Digital-to-Analog Converter on a TMS320F280x Digital Signal Controller},
howpublished = "\url{http://www.ti.com/lit/an/spraa88a/spraa88a.pdf}",
}

@Misc{Microchip528,
title = {Microchip Application Note 528: Using PWM to Generate Analog Output},
howpublished = "\url{http://ww1.microchip.com/downloads/en/appnotes/00538c.pdf}",
}


@Misc{AtmegaXX8,
title = {8-bit Atmel Microcontroller with 4/8/16/32K Bytes In-System Programmable Flash},
howpublished = "\url{http://www.atmel.com/dyn/resources/prod_documents/8271S.pdf}",
}

@Misc{AtmelAVR131,
title = {Atmel Application Note AVR131: Using the AVR's High-speed PWM},
howpublished = "\url{http://www.atmel.com/dyn/resources/prod_documents/doc2542.pdf}",
}

@Misc{WagnerPWM,
author = "Jim Wagner",
title = {Filtering PWM Signals},
year = "2009",
howpublished = "\url{http://www.proaxis.com/~wagnerj/PWMfil/PWM Filters.pdf}",
}


@Misc{TISLOA063,
title = {TI Application Report SLOA063: Filters for Data Transmission},
howpublished = "\url{http://www.ti.com/lit/an/sloa063/sloa063.pdf}",
}

@Misc{SquareWaveFourier,
author = "Daniel Sober",
title = {Square wave through a filter circuit using Fourier analysis},
howpublished = "\url{http://faculty.cua.edu/sober/612/Filter_complex.pdf}",
}